@misc{smithsonian2023,
  author = {Smithsonian Institution},
  title = {Can eruptions be predicted or forecast?},
  year = {2023},
  url = {https://volcano.si.edu/faq/index.cfm?question=eruptionforecast},
  note = {Accessed: 2025-04-23}
}

@misc{britannica2025,
  author = {{Encyclop√¶dia Britannica}},
  title = {Secondary damage from volcanic eruptions},
  year = {2025},
  url = {https://www.britannica.com/science/volcano/Secondary-damage},
  note = {Accessed: 2025-04-23}
}

@misc{layton2023,
  author = {Julia Layton},
  title = {Can humans force a volcanic eruption?},
  year = {2023},
  url = {https://science.howstuffworks.com/nature/natural-disasters/can-humans-force-volcanic-eruption.htm#},
  note = {Accessed: 2025-04-23}
}

@misc{wikipedia2025,
  author = {{Wikipedia contributors}},
  title = {Volcanic Explosivity Index},
  year = {2025},
  url = {https://en.wikipedia.org/wiki/Volcanic_Explosivity_Index},
  note = {Accessed: 2025-04-23}
}

@misc{nps2022,
  author = {U.S. National Park Service},
  title = {Plate Tectonics and Volcanoes},
  year = {2022},
  url = {https://www.nps.gov/subjects/volcanoes/plate-tectonics-and-volcanoes.htm},
  note = {Accessed: 2025-04-23}
}
